2679 3229
418 629 425 639 ³
517 580 744 638 denique
771 583 907 625 studia
935 585 1084 627 omnia.
1152 584 1257 627 Nam
1287 588 1356 642 qui
1387 596 1458 628 aut
1486 603 1568 630 non
1605 589 1834 629 formarunt
1857 589 2061 644 judicium
2092 590 2260 642 litteris,
2299 600 2345 633 ut

371 672 450 708 3
398 683 400 687 -
417 642 430 664 ‘
471 684 473 686 v
471 660 684 711 fftfflum
712 668 761 695 ac
789 668 945 697 morum
963 656 1215 710 discrimina,
1246 671 1428 712 quaeque
1457 660 1499 698 in
1519 652 1650 710 bonis,
1681 674 1785 713 quae
1814 662 1856 700 in
1886 661 2006 700 malis
2029 661 2216 701 ducenda
2247 664 2341 714 siut,

394 732 677 783 &capessunt
696 739 755 778 ea,
785 739 890 780 quae
918 729 1108 779 sentiunt,
1138 730 1352 789 perspicuo
1381 744 1564 771 sermone
1589 731 1741 781 docere,
1773 731 1816 770 hi
1846 732 1947 771 mihi
1977 739 2138 786 praeter
2163 734 2343 787 corporis

373 788 376 792 λ
471 795 579 837 nihil
595 796 768 838 humani
797 798 948 840 habere
966 799 1197 841 videam-⁸.
1255 799 1447 841 Deinde'
1436 816 1494 841 ιιι
1510 801 1628 841 libris
1659 803 1899 855 scriptorum
1920 801 2182 842 classicorum
2212 803 2339 845 multa

256 867 267 880 ²
322 914 333 927 -
386 868 423 919 ,·,”
459 866 609 920 quibus
636 882 767 910 mores
793 869 961 911 formari
990 870 1168 924 possint,
1207 871 1336 912 animi
1366 871 1584 926 legentium
1599 871 1669 912 'ad
1699 886 1876 913 amorem
1906 872 1993 912 veri
2031 878 2153 926 atque
2181 872 2339 915 honesti

407 929 411 932 ¹
469 928 471 930 V
589 938 791 986 „Proinde
819 941 882 980 sic·
907 946 1171 991 statuamus“,
1202 942 1347 995 inquit,
1392 943 1592 990 „nihilo
1624 943 1793 981 minus
1823 942 2014 981 divina
2046 950 2338 997 praecepta

452 1066 576 1117 vvplane
597 1076 772 1115 sententia,
792 1077 899 1117 utqui
921 1076 1002 1108 velit
1023 1077 1153 1119 insigne
1175 1077 1300 1119 aliquid
1310 1079 1362 1109 vel
1385 1080 1419 1109 in
1443 1081 1546 1111 sacris
1569 1079 1619 1109 vel
1642 1079 1712 1109 foro
1725 1079 1846 1115 conari,
1871 1079 2051 1109 existimem
2075 1088 2190 1118 parum
2203 1078 2335 1110 effectu-

475 1137 579 1169 rum.'
603 1136 638 1167 ni
672 1137 818 1168 animum
845 1141 944 1169 antea
977 1137 1170 1169 humanis
1205 1138 1462 1180 disciplinis
1498 1139 1558 1178 (sic
1581 1140 1666 1170 enim
1691 1138 1939 1180 Philosophiam
1962 1140 2056 1179 voco)
2089 1139 2269 1180 prudenter
2303 1144 2336 1169 et

448 1196 451 1197 ⁷
475 1201 636 1240 quantum
658 1198 740 1230 satis
761 1201 820 1238 est,
843 1198 1035 1230 exercuerit.
1092 1199 1142 1230 Ex
1165 1199 1297 1240 optimis
1321 1200 1447 1241 optima
1469 1199 1562 1240 elige,
1586 1209 1688 1241 eaque
1711 1209 1812 1241 quum
1835 1200 1876 1230 ad
1900 1200 2071 1230 scientiam
2094 1203 2242 1238 naturae,
2266 1204 2335 1230 tum

475 1258 517 1291 ad
546 1260 679 1292 mores
710 1259 950 1291 formandos
972 1260 1160 1291 attinentia.
1205 1260 1244 1291 In
1267 1261 1383 1301 primis
1407 1260 1460 1291 hic
1483 1261 1666 1292 eruditione
1691 1261 1860 1292 Graeca
1882 1271 1964 1302 opus
1987 1266 2053 1299 est,
2089 1270 2173 1301 quae
2197 1265 2336 1292 naturae

474 1320 645 1353 scientiam
674 1321 862 1352 universam
883 1320 1122 1361 complectitur,
1158 1326 1194 1351 ut
1225 1321 1265 1351 de
1288 1321 1432 1352 moribus
1455 1321 1605 1362 apposite
1627 1331 1665 1351 ac
1688 1323 1818 1361 copiose
1848 1321 1957 1352 dicere
1980 1331 2092 1361 queas.
2150 1321 2333 1352 Plurimum

475 1380 587 1412 valent
607 1381 796 1413 Aristotelis
819 1381 968 1420 Monilia,
991 1382 1097 1422 Leges
1118 1382 1286 1420 Platonis,
1310 1383 1439 1421 Poetae,
1462 1386 1561 1423 atque
1585 1383 1608 1412 ii
1631 1392 1719 1421 sane,
1755 1383 1812 1423 qui
1835 1387 1867 1412 et
1890 1383 2005 1422 optimi
2030 1387 2123 1419 sunt,
2159 1387 2191 1413 et
2213 1383 2247 1413 in
2273 1381 2333 1413 hoc

473 1440 538 1483 legi
562 1446 709 1484 possunt,
733 1445 770 1473 ut
791 1441 917 1474 animos
939 1442 1123 1474 erudiant&

520 1501 570 1533 Id.
603 1502 638 1533 in
660 1503 819 1534 Encomio
841 1502 1059 1545 Eloquentiae
1089 1503 1138 1544 (C.
1162 1503 1201 1534 R.
1226 1503 1297 1534 Vol.
1320 1504 1378 1534 XI.
1401 1515 1432 1544 p.
1455 1502 1528 1545 62):
1564 1504 1669 1542 „Sunt
1691 1514 1755 1534 non
1781 1513 1896 1544 parum
1922 1504 2015 1535 multi
2048 1504 2238 1544 praesertim
2271 1504 2332 1535 hoc

472 1566 630 1603 tempore,
664 1563 722 1603 qui
743 1563 903 1595 bonorum
925 1574 1055 1595 cursum
1079 1569 1264 1602 morantur-3
1297 1564 1332 1595 hi
1354 1565 1396 1596 ad
1421 1565 1693 1605 Theologicarum
1727 1565 1912 1596 litterarum
1946 1564 2174 1596 tractationem
2209 1568 2333 1605 negant

473 1622 607 1655 dicendi
627 1624 747 1656 artium
770 1624 941 1657 scientiam
972 1625 1164 1657 conducere.
1221 1624 1359 1657 Plurimi
1381 1635 1423 1656 ne
1451 1635 1516 1656 non
1541 1624 1635 1656 valde
1658 1624 1873 1664 theologicari
1897 1624 2088 1663 videantur,
2123 1624 2331 1656 humaniores

474 1685 667 1727 disciplinas
691 1695 804 1717 omnes
826 1690 1050 1718 contemnunt.
1107 1688 1180 1727 Ego
1201 1696 1279 1719 vero
1300 1687 1385 1717 serio
1407 1686 1481 1717 illos
1504 1686 1721 1726 theologie-ari
1744 1687 1885 1726 optarim
1909 1695 2011 1726 eaque
2036 1691 2211 1726 praestare,
2246 1696 2331 1727 quae

471 1745 695 1779 Christianam
717 1751 859 1778 mentem
882 1748 1009 1779 decent.
1055 1750 1151 1780 Nunc
1173 1748 1268 1780 video
1291 1747 1512 1788 theologicum
1536 1757 1653 1778 nomen
1676 1747 1830 1787 ignaviae
1853 1751 1982 1778 tantum
2006 1747 2162 1788 praetexi,
2186 1751 2329 1779 ceterum

472 1807 555 1839 nihil
579 1809 687 1840 minus
710 1818 780 1840 esse
802 1819 900 1850 quam
923 1809 1011 1850 quod
1023 1809 1229 1850 profitentur.
1276 1809 1359 1840 Nam
1373 1809 1450 1840 dum
1473 1809 1565 1850 piget
1588 1808 1785 1848 elegantiam
1809 1808 1932 1838 discere
1955 1818 2086 1849 seque
2110 1807 2327 1838 difficilli-

472 1869 546 1900 mis
580 1869 874 1910 scriptoribus
909 1869 1148 1900 evolvendis
1180 1869 1505 1910 exercendoque
1535 1870 1638 1900 stilo
1670 1880 1899 1908 macerare,
1930 1880 2063 1910 neque
2087 1870 2194 1900 enim
2226 1868 2327 1900 ulla·

470 1939 556 1961 rum
590 1930 833 1963 litterarum
867 1931 1059 1972 cognitio
1092 1930 1183 1962 sine
1216 1932 1303 1963 acri
1325 1930 1468 1962 studio
1498 1930 1728 1971 contingit,
1763 1931 1790 1961 si
1825 1930 1956 1972 quando
1987 1929 2117 1960 domum
2151 1929 2233 1959 bene
2257 1929 2327 1970 poti

467 1991 604 2031 rediere,
627 1992 877 2024 conciunculam
900 1992 1044 2033 aliquam
1067 1992 1192 2033 legunt,
1214 1992 1292 2023 inde
1313 1993 1370 2024 ubi
1393 1993 1615 2032 decerpserint
1637 2002 1720 2032 quae
1743 1991 1947 2023 stomachum
1971 1991 2112 2029 faciunt,
2148 1991 2269 2031 passim
2291 1990 2325 2021 in

468 2053 639 2090 conviviis,
662 2062 740 2083 nam
763 2053 811 2084 ibi
832 2053 1042 2093 potissimum
1064 2052 1210 2093 sapiunt,
1233 2051 1443 2084 declamant:
1465 2055 1498 2083 et
1521 2053 1601 2092 quia
1623 2052 1742 2092 vulgus
1765 2051 1949 2092 applaudit,
1968 2051 2039 2091 jam
2063 2060 2141 2081 vero
2164 2050 2227 2081 sibi
2251 2054 2325 2080 tan-

467 2113 539 2142 tum
562 2120 630 2142 non
652 2110 804 2143 absolute
825 2110 988 2152 Theologi
1008 2111 1194 2143 videntur“.

447 2206 449 2208 ,
510 2168 559 2200 Id.
580 2168 619 2201 C.
641 2171 682 2202 B.
707 2170 783 2202 Vol.
806 2171 867 2202 XI.
891 2182 924 2213 p.
947 2170 1028 2202 280:
1051 2172 1217 2211 ,Omnino
1239 2172 1319 2202 Ilias
1342 2171 1504 2202 malorum
1529 2174 1578 2201 est
1600 2170 1824 2200 inerudita
1846 2168 2097 2209 Theologia.
2153 2169 2213 2200 Est
2235 2170 2323 2200 enim

467 2229 670 2261 confusanea
691 2230 855 2270 doctrina,
890 2232 926 2262 in
949 2240 1016 2271 qua
1038 2240 1179 2271 magnae
1201 2240 1253 2262 res
1275 2240 1342 2262 non
1365 2230 1574 2271 explicantur
1596 2229 1733 2269 diserte,
1769 2230 1948 2261 miscentur
1972 2239 2011 2261 ea
2033 2239 2117 2270 quae
2151 2229 2325 2271 oportebat

466 2286 617 2331 seiungi,
639 2299 753 2322 rursus
774 2289 835 2321 illa
857 2299 943 2331 quae
965 2294 1088 2322 natura
1108 2291 1267 2332 conjungi
1287 2290 1444 2333 postulat,
1459 2289 1707 2321 distrahuntur:
1742 2299 1840 2330 saepe
1864 2290 2050 2331 pugnantia
2073 2289 2239 2327 dicuntur,
2273 2289 2324 2319 vi-

470 2349 547 2381 cina
568 2350 774 2391 arripiuntur
795 2359 856 2390 pro
871 2351 959 2382 veris
981 2360 1021 2381 ac
1040 2351 1191 2391 propriis.
1237 2349 1332 2381 Nihil
1352 2350 1387 2381 in
1411 2349 1613 2381 eadoctrina
1634 2349 1798 2388 cohaeret,
1821 2358 1889 2380 non
1910 2349 2020 2388 initia,
2033 2358 2098 2380 non
2122 2349 2324 2390 progressio-

469 2418 538 2449 nes,
559 2419 627 2441 non
639 2410 760 2442 exitus
779 2411 871 2442 cerni
892 2414 1041 2452 possunt.
1086 2409 1179 2442 Talis
1195 2410 1346 2442 doctrina
1366 2418 1435 2441 non
1457 2412 1566 2450 potest
1588 2418 1655 2439 non
1676 2409 1813 2449 gignere
1834 2407 1984 2440 infinitos
1996 2417 2131 2448 errores,
2154 2407 2322 2439 infinitam

405 2474 407 2479 ·
447 2466 728 2510 dissipationem,
750 2469 831 2509 quia
850 2469 886 2499 in
904 2471 1002 2500 tanta
1021 2469 1215 2500 confusione
1237 2468 1324 2500 alius
1345 2468 1437 2499 aliud
1460 2467 1629 2508 intelligit,
1652 2471 1685 2498 et
1707 2468 1785 2498 dum
1808 2478 1903 2498 suum
1928 2468 2066 2507 quisque
2078 2468 2243 2498 somnium
2266 2468 2323 2499 de-

452 2527 587 2572 fendit,
620 2531 769 2560 existunt
789 2529 973 2559 certamina
994 2531 1027 2559 et
1048 2528 1278 2560 dissensiones.
1334 2528 1470 2559 Interim
1495 2526 1718 2558 conscientiae
1748 2527 1981 2567 relinquuntur
2004 2527 2222 2567 ambigentes.
2279 2527 2323 2558 Et

467 2587 549 2627 qni·
569 2587 684 2619 nullae
717 2587 860 2628 Erinyes
881 2587 1112 2619 vehementius
1132 2588 1283 2619 cruciant
1304 2588 1463 2626 animum,
1498 2595 1598 2626 quam
1620 2586 1702 2617 haec
1724 2586 1890 2617 dubitatio
1912 2586 1952 2616 de
1975 2586 2153 2627 religione,
2187 2587 2320 2618 tandem

465 2645 542 2678 odio
574 2646 718 2688 quodam
739 2647 897 2688 abjicitur
917 2647 1076 2678 universa
1097 2646 1230 2687 religio,
1267 2650 1299 2676 et
1321 2645 1407 2677 fiunt
1429 2649 1556 2676 mentes
1588 2645 1746 2685 profanae
1778 2649 1812 2675 et
1833 2645 2028 2685 Epicureae.
2085 2647 2196 2685 Quum
2219 2647 2322 2687 igitur

464 2709 598 2738 tantum
630 2707 754 2739 habeat
787 2706 865 2738 mali
899 2705 1066 2738 inerudita
1094 2705 1298 2746 Theologia,
1330 2704 1428 2737 facile
1457 2704 1602 2746 judicari
1636 2708 1756 2746 potest,
1793 2704 2049 2737 Ecclesiae
2084 2715 2198 2748 opus
2231 2715 2320 2738 esse

464 2765 612 2798 multis
639 2767 801 2808 magnis
830 2767 1028 2798 artibus“.
